@Article{pmid24880419,
   Author="Liu, J.  and Qiao, X.  and Wang, M.  and Zhang, W.  and Li, G.  and Lin, L. ",
   Title="{{T}he differential {H}owland current source with high signal to noise ratio for bioimpedance measurement system}",
   Journal="Rev Sci Instrum",
   Year="2014",
   Volume="85",
   Number="5",
   Pages="055111",
   Month="May"
}


@article{1742-6596-407-1-012030,
  author={P Bertemes-Filho and L H Negri and A Felipe and V C Vincence},
  title={Mirrored Modified Howland Circuit for Bioimpedance Applications: Analytical Analysis},
  journal={Journal of Physics: Conference Series},
  volume={407},
  number={1},
  pages={012030},
  year={2012}
}
	
@Article{pmid19706961,
   Author="Hong, H.  and Rahal, M.  and Demosthenous, A.  and Bayford, R. H. ",
   Title="{{C}omparison of a new integrated current source with the modified {H}owland circuit for {E}{I}{T} applications}",
   Journal="Physiol Meas",
   Year="2009",
   Volume="30",
   Number="10",
   Pages="999--1007",
   Month="Oct"
}

@article{newacsource,
  title = "A new high output impedance wideband {AC} current source with high current swing authority for electrical impedance tomography applications",
  volume = "1",
  issue = "3",
  journal = {{International Journal of Computing and Network Technology}},
  month = "September",
  year = "2013",
  pages = "205-213",
  author = "Mehran Zanganeh"
}

@inproceedings{lee2003precision,
  title={Precision constant current source for electrical impedance tomography},
  author={Lee, Jeong Whan and Oh, Tong In and Paek, Sang Min and Lee, Jae Sang and Woo, Eung Je},
  booktitle={Engineering in Medicine and Biology Society, 2003. Proceedings of the 25th Annual International Conference of the IEEE},
  volume={2},
  pages={1066--1069},
  year={2003},
  organization={IEEE}
}

@inproceedings{frounchi2007differential,
  title={A Differential Current Source for High Frequency Biomedical Applications in a 0.5 $\micro$m {CMOS} Integrated Circuit Technology},
  author={Frounchi, Javad and Zarifi, Mohammad Hossein and Dehkhoda, Fahimeh},
  booktitle={13th International Conference on Electrical Bioimpedance and the 8th Conference on Electrical Impedance Tomography},
  pages={217--220},
  year={2007},
  organization={Springer}
}

@book{franco1988design,
  title={Design with operational amplifiers and analog integrated circuits},
  author={Franco, Sergio},
  year={1988},
  publisher={McGraw-Hill New York}
}

@book{lyklema_fundamentals,
  title={Fundamentals of Interface and Colloid Science},
  volume=2,
  subtitle={Solid-Liquid Interfaces},
  author="Lyklema, J.",
  year={1995},
  publisher={Academic Press}
}

@book{bioimpedance_bioelectricity,
  title={Bioimpedance and Bioelectricity Basics (3rd ed.)},
  author="Sverre Grimnes and {\O}rjan G. Martinsen",
  year={1995},
  publisher={Academic Press}
}

@article{tucker2013biocompatible,
  title={Biocompatible, high precision, wideband, improved Howland current source with lead-lag compensation},
  author={Tucker, Aaron S and Fox, Robert M and Sadleir, Rosalind J},
  journal={Biomedical Circuits and Systems, IEEE Transactions on},
  volume={7},
  number={1},
  pages={63--70},
  year={2013},
  publisher={IEEE}
}

@article{zanganeh2013new,
  title={A new high output impedance wideband AC‎ current source with high current swing authority‎ for electrical impedance tomography applications},
  author={Zanganeh, Mehran},
  journal={Int. J. Com. Net. Tech},
  volume={1},
  number={3},
  pages={205--213},
  year={2013}
}

@Article{pmid24111217,
   Author="Aguiar Santos, S.  and Schlebusch, T.  and Leonhardt, S. ",
   Title="{{S}imulation of a current source with a {C}ole-{C}ole load for multi-frequency electrical impedance tomography}",
   Journal="Conf Proc IEEE Eng Med Biol Soc",
   Year="2013",
   Volume="2013",
   Pages="6445--6448"
}

@Article{pmid19109497,
   Author="Terney, D.  and Chaieb, L.  and Moliadze, V.  and Antal, A.  and Paulus, W. ",
   Title="{{I}ncreasing human brain excitability by transcranial high-frequency random noise stimulation}",
   Journal="J. Neurosci.",
   Year="2008",
   Volume="28",
   Number="52",
   Pages="14147--14155",
   Month="Dec"
}


@Patent{US2002060915A1:misc,
 author = {Geoffrey S. Pomeroy},
 title = {Differential current source with active common mode reduction },
 year = {2002},
 month = {May},
 day = {23},
 number = {US~20020060915~A1},
 type = {Patent},
 version = {},
 location = {US},
 filing_num = {10684114},
 yearfiled = {2001},
 monthfiled = {Oct},
 dayfiled = {4},
  nationality={US}

}



@Article{pmid26652115,
   Author="Woods, A. J.  and Antal, A.  and Bikson, M.  and Boggio, P. S.  and Brunoni, A. R.  and Celnik, P.  and Cohen, L. G.  and Fregni, F.  and Herrmann, C. S.  and Kappenman, E. S.  and Knotkova, H.  and Liebetanz, D.  and Miniussi, C.  and Miranda, P. C.  and Paulus, W.  and Priori, A.  and Reato, D.  and Stagg, C.  and Wenderoth, N.  and Nitsche, M. A. ",
   Title="{{A} technical guide to t{D}{C}{S}, and related non-invasive brain stimulation tools}",
   Journal="Clin Neurophysiol",
   Year="2016",
   Volume="127",
   Number="2",
   Pages="1031--1048",
   Month="Feb"
}

@article{dbs,
  title="{Activa PC}, {Activa RC}, and {Activa} neurostimulation systems for deep brain stimulation. 10/10 Programmer guide for software version {B}. {Minneapolis}: {Medtronic, Inc}; {N'Vision Clinician Programmer with Software}",
  year="2010",
  author="Medtronic",
  pages="8840--8870"
}

@Article{pmid26471138,
   Author="Vargas Luna, J. L.  and Krenn, M.  and Lofler, S.  and Kern, H.  and Cortes R, J. A.  and Mayr, W. ",
   Title="{{C}omparison of {T}witch {R}esponses {D}uring {C}urrent- or {V}oltage-{C}ontrolled {T}ranscutaneous {N}euromuscular {E}lectrical {S}timulation}",
   Journal="Artif Organs",
   Year="2015",
   Volume="39",
   Number="10",
   Pages="868--875",
   Month="Oct"
}

@book{Franco1988,
author = {Franco, S},
booktitle = {New York},
isbn = {0-07-112173-0},
title = {{Design with operational amplifiers and analog integrated circuits}},
publisher = "McGraw-Hill Education",
year = {1988}
}


@patent{simmonds2009differential,
  title={Differential and symmetrical current source},
  author={Simmonds, M. and Alesu, P.},
  year={2009},
  month="Oct",
  day="1",
  yearfiled = "2008",
  monthfiled = "mar",
  dayfiled = "26",

  publisher={Google Patents},
 number = {US~20090243723~A1},
 type = {Patent},
 location = {US},
 nationality={US},
 filing_num = {US 12/055,997}


}

@misc{mathematica,
author={\relax {Wolfram Research, Inc.}},
title="Mathematica (Version 11.1)",
Publisher={Wolfram Research, Inc.},
location="Champaign, Illinois",
year="2017"
}

@misc{ltspice,
  author={\relax {Linear Technology, Inc.}},
  title="\textsc{LTspice} (version {XVII}, {Nov} 18th, 2015)"
}

@article{Grant2010,
author = {Grant, Peadar F. and Lowery, Madeleine M.},
doi = {10.1109/TBME.2010.2055054},
isbn = {0018-9294},
issn = {00189294},
journal = {IEEE Transactions on Biomedical Engineering},
number = {10},
pages = {2386--2393},
pmid = {20595081},
title = {{Effect of dispersive conductivity and permittivity in volume conductor models of deep brain stimulation}},
volume = {57},
year = {2010}
}


@article{KendallOpAmp,
  author = "Ray Kendall",
  year = 2007,
  month = 1,
  day = 4,
  title = "User-friendly model simplifies {S}pice op-amp simulation",
  journal = "EDN Network"
}

@article{LT1211_datasheet,
  title = "{LT1211} datasheet",
  author={\relax {Linear Technology, Inc.}},
  year = "Retrieved July 1st, 2020"
}


@article{middlebrook_method,
  author = "R. D. Middlebrook", 
  title = "Measurement of Loop Gain in Feedback Systems",
  journal = "Int. J. Electronics",
  volume = "38",
  issue = "4",
  pages = "485--512",
  year = "1975"
}

@article{kundert_balun,
  author = "Ken Kundert",
  title = "A Test Bench for Differential Circuits",
  year = "Version 1d, 12 September 2006",
  journal = "The Designer's Guide Community, http://www.designers-guide.org/"
}

@article{neldermead,
  author="Nelder, John A. and R. Mead",
  year ="1965",
  title="A simplex method for function minimization",
  journal="Computer Journal",
  volume="7",
  issue="4",
  pages="308--313",
  doi={doi:10.1093/comjnl/7.4.308}
}

@article{PVT412_datasheet,
	title = "{PVT412} datasheet",
	author = {\relax International Rectifier},
	year="Retrieved July 1st, 2020"
}

@Article{pmid23031743,
   Author="Hahn, C.  and Rice, J.  and Macuff, S.  and Minhas, P.  and Rahman, A.  and Bikson, M. ",
   Title="{{M}ethods for extra-low voltage transcranial direct current stimulation: current and time dependent impedance decreases}",
   Journal="Clin Neurophysiol",
   Year="2013",
   Volume="124",
   Number="3",
   Pages="551--556",
   Month="Mar"
}

@Article{pmid25018056,
   Author="Palm, U.  and Feichtner, K. B.  and Hasan, A.  and Gauglitz, G.  and Langguth, B.  and Nitsche, M. A.  and Keeser, D.  and Padberg, F. ",
   Title="{{T}he role of contact media at the skin-electrode interface during transcranial direct current stimulation (t{D}{C}{S})}",
   Journal="Brain Stimul",
   Year="2014",
   Volume="7",
   Number="5",
   Pages="762--764"
}

@Article{pmid15661300,
   Author="Merrill, D. R.  and Bikson, M.  and Jefferys, J. G. ",
   Title="{{E}lectrical stimulation of excitable tissue: design of efficacious and safe protocols}",
   Journal="J Neurosci Methods",
   Year="2005",
   Volume="141",
   Number="2",
   Pages="171--198",
   Month="Feb"
}
@Article{pmid20488204,
   Author="Minhas, P.  and Bansal, V.  and Patel, J.  and Ho, J. S.  and Diaz, J.  and Datta, A.  and Bikson, M. ",
   Title="{{E}lectrodes for high-definition transcutaneous {D}{C} stimulation for applications in drug delivery and electrotherapy, including t{D}{C}{S}}",
   Journal="J Neurosci Methods",
   Year="2010",
   Volume="190",
   Number="2",
   Pages="188--197",
   Month="Jul"
}

@article{offsetfree_bidirectional_current_source,
author = "Pliquett, Uwe and Sch{\"o}nfeldt, Markus and Barthel, Andreas and Frense, Dieter and Nacke, Thomas",
year = {2010},
month = {04},
pages = {},
title = {Offset-free bidirectional current source for impedance measurement},
volume = {224},
journal = {Journal of Physics: Conference Series},
doi = {10.1088/1742-6596/224/1/012009}
}

@article{SirtoliMorcellesVincence,
author = "Vinicius G. Sirtoli and Kaue F. Morcelles and Volney C. Vincence",
doi = {doi:10.2478/joeb-2018-0011},
url = {https://doi.org/10.2478/joeb-2018-0011},
title = {Design of current sources for load common mode optimization},
journal = {Journal of Electrical Bioimpedance},
number = {1},
volume = {9},
year = {2018},
pages = {59--71}
}

